<?xml version="1.0" encoding="UTF-8"?><record xmlns="http://www.loc.gov/MARC21/slim" xmlns:cinclude="http://apache.org/cocoon/include/1.0" xmlns:zs="http://www.loc.gov/zing/srw/">
  <leader>00359nz  a2200121n  4500</leader>
  <controlfield tag="001">nr 98015186 </controlfield>
  <controlfield tag="003">DLC</controlfield>
  <controlfield tag="005">19980519051303.3</controlfield>
  <controlfield tag="008">980423n| acannaab|          |n ana     c</controlfield>
  <datafield tag="010" ind1=" " ind2=" ">
    <subfield code="a">nr 98015186 </subfield>
  </datafield>
  <datafield tag="040" ind1=" " ind2=" ">
    <subfield code="a">CSt</subfield>
    <subfield code="c">CSt</subfield>
  </datafield>
  <datafield tag="110" ind1="2" ind2="0">
    <subfield code="a">Studio Hamburg Film Produktion</subfield>
  </datafield>
  <datafield tag="670" ind1=" " ind2=" ">
    <subfield code="a">40 mÂ˛ Deutschland, 1986:</subfield>
    <subfield code="b">credits (in Co-Produktion mit der Studio Hamburg Film Produktion)</subfield>
  </datafield>
</record>